@article{gibson1977theory,
  title={The theory of affordances},
  author={Gibson, James J},
  journal={Hilldale, USA},
  volume={1},
  number={2},
  pages={67--82},
  year={1977}
}

@misc{norman1988psychology,
  title={The psychology of everyday things},
  author={Norman, Donald A},
  year={1988},
  publisher={Basic books}
}

@article{cisek2010neural,
  title={Neural mechanisms for interacting with a world full of action choices},
  author={Cisek, Paul and Kalaska, John F},
  journal={Annual review of neuroscience},
  volume={33},
  number={1},
  pages={269--298},
  year={2010},
  publisher={Annual Reviews}
}

@article{10.1177/1086026618803729,
author = {Przepiorka, W. and Horne, C.},
title = {How can consumer trust in energy utilities be increased? the effectiveness of prosocial, proenvironmental, and service-oriented investments as signals of trustworthiness},
journal = {Organization &Amp; Environment}, year = {2018}, volume = {33}, issue = {2}, pages = {262-284},
doi = {10.1177/1086026618803729}
}
@article{10.1051/e3sconf/202339904037,
author = {R, P. and Sanjaya, K. and Rathika, S. and Hussein Alawadi, A. and Makhzuna, K. and Venkatesh, S. and Rajalakshmi, B.},
title = {Human-computer interaction: enhancing user experience in interactive systems},
journal = {E3S Web of Conferences}, year = {2023}, volume = {399}, pages = {04037},
doi = {10.1051/e3sconf/202339904037}
}
@article{10.20380/gi2000.24,
  author = {McGrenere, J. and Ho, W.},
  title = {Affordances: clarifying and evolving a concept},
  journal = {Proceedings of Graphics Interface 2000},
  year = {2000}, volume = {Montréal}, pages = {179-186}, doi = {10.20380/gi2000.24}
}
@article{10.1145/2254556.2254569, author = {Fragoso, S. and Rebs, R. R. and Barth, D. L.},
  title = {Interface affordances and social practices in online communication systems},
  journal = {Proceedings of the International Working Conference on Advanced Visual Interfaces},
  year = {2012}, doi = {10.1145/2254556.2254569}
}

@article{10.21009/jtp.v24i1.23626,
  author = {Yulian, R. and Ruhama', U. and Sucipto, S.},
  title = {Developing augmented reality (ar) as assisted technology in reading based on content-language integrated learning},
  journal = {JTP - Jurnal Teknologi Pendidikan},
  year = {2022}, volume = {24}, issue = {1}, pages = {23-37},
  doi = {10.21009/jtp.v24i1.23626}
}

@article{10.1109/tlt.2018.2808491,
  author = {Cristóbal, J. and Gallego-Lema, V. and Arribas-Cubero, H. F. and Asensio-Pérez, J. I. and Martínez‐Monés, A.},
  title = {Game of blazons: helping teachers conduct learning situations that integrate web tools and multiple types of augmented reality},
  journal = {IEEE Transactions on Learning Technologies}, year = {2018}, volume = {11}, issue = {4}, pages = {506-519}, doi = {10.1109/tlt.2018.2808491}
}

@article{10.12688/openreseurope.13715.2,
  author = {Apostolakis, K. C. and Dimitriou, N. and Margetis, G. and Ntoa, S. and Tzovaras, D. and Stephanidis, C.},
  title = {Darlene – improving situational awareness of european law enforcement agents through a combination of augmented reality and artificial intelligence solutions},
  journal = {Open Research Europe}, year = {2022}, volume = {1}, pages = {87}, doi = {10.12688/openreseurope.13715.2}
}

@article{10.1177/0162643419882423,
  author = {Carreon, A. and Smith, S. J. and Rowland, A.},
  title = {Augmented reality: creating and implementing digital classroom supports},
  journal = {Journal of Special Education Technology}, year = {2019}, volume = {35}, issue = {2}, pages = {109-115}, doi = {10.1177/0162643419882423}
}

@inproceedings{cao2017realtime,
  title={Realtime multi-person 2d pose estimation using part affinity fields},
  author={Cao, Zhe and Simon, Tomas and Wei, Shih-En and Sheikh, Yaser},
  booktitle={Proceedings of the IEEE conference on computer vision and pattern recognition},
  pages={7291--7299},
  year={2017}
}
@inproceedings{neches1986intelligence,
  title={Intelligence in interfaces (panel)},
  author={Neches, Robert and Brown, John Seely and Sondheimer, Norm and Malone, Tom and Williams, Mike},
  booktitle={Proceedings of the SIGCHI/GI Conference on Human Factors in Computing Systems and Graphics Interface},
  pages={267--269},
  year={1986}
}

@INPROCEEDINGS{9820378,
  author={Beltrão, Gabriela and Paramonova, Iuliia and Sousa, Sonia},
  booktitle={2022 17th Iberian Conference on Information Systems and Technologies (CISTI)}, 
  title={User Interface Design for AI-Based Clinical Decision-Support System : Preliminary Study}, 
  year={2022},
  volume={},
  number={},
  pages={1-4},
  keywords={Prototypes;Focusing;User interfaces;Software;Clinical diagnosis;Complex systems;Artificial intelligence;human-centered design;decision support systems;design for trust},
  doi={10.23919/CISTI54924.2022.9820378}}


@article{lugaresi2019mediapipe,
  title={Mediapipe: A framework for building perception pipelines},
  author={Lugaresi, Camillo and Tang, Jiuqiang and Nash, Hadon and McClanahan, Chris and Uboweja, Esha and Hays, Michael and Zhang, Fan and Chang, Chuo-Ling and Yong, Ming Guang and Lee, Juhyun and others},
  journal={arXiv preprint arXiv:1906.08172},
  year={2019}
}

@article{bazarevsky2020blazepose,
  title={BlazePose: On-device Real-time Body Pose tracking},
  author={Bazarevsky, V},
  journal={arXiv preprint arXiv:2006.10204},
  year={2020}
}

@article{Mar13,
  added-at = {2008-03-17T11:27:54.000+0100},
  author = {Markov, A. A.},
  biburl = {https://www.bibsonomy.org/bibtex/2524f90b3a901a933f9e1071f84276925/nlp},
  interhash = {e56c253b0398259ec35cc226713c18f5},
  intrahash = {524f90b3a901a933f9e1071f84276925},
  journal = {Izvistia Imperatorskoi Akademii Nauk Bulletin de {l'Acad\'{e}mie}
  {Imp\'{e}riale} des Sciences de {St.-P\'{e}tersbourg}},
  keywords = {2000 book nlp},
  note = {English translation by Morris Halle, 1956.},
  pages = {153--162},
  series = 6,
  timestamp = {2008-03-17T11:32:50.000+0100},
  title = {Essai d'une recherche statistique sur le texte du roman ``{E}ugene
  {O}negin'' illustrant la liaison des epreuve en chain ({`Example} of a
  statistical investigation of the text of ``{E}ugene {O}negin" illustrating
  the dependence between samples in chain')},
  volume = 7,
  year = 1913
}

@article{rong2014word2vec,
  title={word2vec Parameter Learning Explained},
  author={Rong, Xin},
  year={2014}
}

@inproceedings{pennington2014glove,
  title={Glove: Global vectors for word representation},
  author={Pennington, Jeffrey and Socher, Richard and Manning, Christopher D},
  booktitle={Proceedings of the 2014 conference on empirical methods in natural language processing (EMNLP)},
  pages={1532--1543},
  year={2014}
}

@inproceedings{Rumelhart1986LearningIR,
  title={Learning internal representations by error propagation},
  author={David E. Rumelhart and Geoffrey E. Hinton and Ronald J. Williams},
  year={1986},
  url={https://api.semanticscholar.org/CorpusID:62245742}
}

@article{hochreiter1997long,
  title={Long Short-term Memory},
  author={Hochreiter, S},
  journal={Neural Computation MIT-Press},
  year={1997}
}

@article{vaswani2017attention,
  title={Attention is all you need},
  author={Vaswani, A},
  journal={Advances in Neural Information Processing Systems},
  year={2017}
}

@article{radford2018improving,
  title={Improving language understanding by generative pre-training},
  author={Radford, Alec},
  year={2018}
}

@article{devlin2018bert,
  title={Bert: Pre-training of deep bidirectional transformers for language understanding},
  author={Devlin, Jacob},
  journal={arXiv preprint arXiv:1810.04805},
  year={2018}
}

@article{Chen2023LargeLM,
  title={Large Language Model in Creative Work: The Role of Collaboration Modality and User Expertise},
  author={Zenan Chen and Jason Chan},
  journal={SSRN Electronic Journal},
  year={2023},
  url={https://api.semanticscholar.org/CorpusID:263173457}
}

@article{OToole2024ExtendingHC,
  title={Extending Human Creativity with AI},
  author={Katherine O'Toole and Emőke-{\'A}gnes Horv{\'a}t},
  journal={Journal of Creativity},
  year={2024},
  url={https://api.semanticscholar.org/CorpusID:267539949}
}
@inproceedings{shaer2024ai,
  title={AI-Augmented Brainwriting: Investigating the use of LLMs in group ideation},
  author={Shaer, Orit and Cooper, Angelora and Mokryn, Osnat and Kun, Andrew L and Ben Shoshan, Hagit},
  booktitle={Proceedings of the CHI Conference on Human Factors in Computing Systems},
  pages={1--17},
  year={2024}
}
@article{Anderson2024HomogenizationEO,
  title={Homogenization Effects of Large Language Models on Human Creative Ideation},
  author={Barrett R Anderson and Jash Hemant Shah and Max Kreminski},
  journal={Proceedings of the 16th Conference on Creativity \& Cognition},
  year={2024},
  url={https://api.semanticscholar.org/CorpusID:267406608}
}

@article{Wan2023ItFL,
  title={"It Felt Like Having a Second Mind": Investigating Human-AI Co-creativity in Prewriting with Large Language Models},
  author={Qian Wan and Si-Yuan Hu and Yu Zhang and Pi-Hui Wang and Bo Wen and Zhicong Lu},
  journal={Proceedings of the ACM on Human-Computer Interaction},
  year={2023},
  volume={8},
  pages={1 - 26},
  url={https://api.semanticscholar.org/CorpusID:259991355}
}

@inproceedings{Yang2024HumanAIII,
  title={Human-AI Interaction in the Age of Large Language Models},
  author={Diyi Yang},
  booktitle={AAAI Spring Symposia},
  year={2024},
  url={https://api.semanticscholar.org/CorpusID:269967185}
}

@article{sauer2023adversarial,
  title={Adversarial diffusion distillation},
  author={Sauer, Axel and Lorenz, Dominik and Blattmann, Andreas and Rombach, Robin},
  journal={arXiv preprint arXiv:2311.17042},
  year={2023}
}

@InProceedings{Siarohin_2019_NeurIPS,
  author={Siarohin, Aliaksandr and Lathuilière, Stéphane and Tulyakov, Sergey and Ricci, Elisa and Sebe, Nicu},
  title={First Order Motion Model for Image Animation},
  booktitle = {Conference on Neural Information Processing Systems (NeurIPS)},
  month = {December},
  year = {2019}
}

@article{goodfellow2014generative,
  title={Generative adversarial nets},
  author={Goodfellow, Ian and Pouget-Abadie, Jean and Mirza, Mehdi and Xu, Bing and Warde-Farley, David and Ozair, Sherjil and Courville, Aaron and Bengio, Yoshua},
  journal={Advances in neural information processing systems},
  volume={27},
  year={2014}
}

@article{perov2020deepfacelab,
  title={DeepFaceLab: Integrated, flexible and extensible face-swapping framework},
  author={Perov, Ivan and Gao, Daiheng and Chervoniy, Nikolay and Liu, Kunlin and Marangonda, Sugasa and Um{\'e}, Chris and Dpfks, Mr and Facenheim, Carl Shift and RP, Luis and Jiang, Jian and others},
  journal={arXiv preprint arXiv:2005.05535},
  year={2020}
}

@book{carlson2013redis,
  title={Redis in Action},
  author={Carlson, Josiah},
  year={2013},
  month={June},
  isbn={9781617290855},
  publisher={Manning Publications},
  address={Shelter Island, NY},
  note={Foreword by Salvatore Sanfilippo}
}


@misc{whitney2024,
  author = {Violet Whitney},
  title = {Flat Screen. Flat Thoughts: User Interface Bureaucracy and How a Philosophy from 1900s Capitalism Could Save Us},
  year = {2024},
  month = {September},
  url = {https://medium.com/spatial-pixel/flat-screen-flat-thoughts-364},
  note = {Published in Spatial Pixel on Medium, accessed on October 17, 2024}
}

@misc{chase2022,
  author = {Harrison Chase},
  title = {LangChain},
  year = {2022},
  month = {October},
  url = {https://github.com/langchain-ai/langchain},
  note = {Version 1.2.0, released on October 17, 2022}
}
@book{kocienda2018creative,
  title = {Creative Selection: Inside Apple's Design Process During the Golden Age of Steve Jobs},
  author = {Ken Kocienda},
  year = {2018},
  publisher = {St. Martin's Publishing Group},
  address = {New York, NY},
  note = {WALL STREET JOURNAL BESTSELLER},
  isbn = {978-1250194466},
  url = {https://www.macmillan.com/creative-selection}
}

@misc{autogpt2024,
  author = {Significant Gravitas},
  title = {AutoGPT},
  year = {2024},
  url = {https://github.com/Significant-Gravitas/AutoGPT},
  note = {GitHub repository, accessed on October 17, 2024}
}

@misc{nakajima2024,
  author = {Yohei Nakajima},
  title = {BabyAGI},
  year = {2024},
  url = {https://github.com/yoheinakajima/babyagi},
  note = {GitHub repository, accessed on October 17, 2024}
}

@article{bubeck2023sparks,
  title={Sparks of artificial general intelligence: Early experiments with gpt-4},
  author={Bubeck, S{\'e}bastien and Chandrasekaran, Varun and Eldan, Ronen and Gehrke, Johannes and Horvitz, Eric and Kamar, Ece and Lee, Peter and Lee, Yin Tat and Li, Yuanzhi and Lundberg, Scott and others},
  journal={arXiv preprint arXiv:2303.12712},
  year={2023}
}

@article{brown2020language,
  title={Language models are few-shot learners},
  author={Brown, Tom B},
  journal={arXiv preprint arXiv:2005.14165},
  year={2020}
}


@article{li2023practical,
  title={A practical survey on zero-shot prompt design for in-context learning},
  author={Li, Yinheng},
  journal={arXiv preprint arXiv:2309.13205},
  year={2023}
}


@misc{gosai2022,
  author = {Thomas Juldo, GOSAI-DVIC},
  title = {GOSAI: General-purpose Operating System for Augmented Interfaces},
  year = {2022},
  url = {https://github.com/GOSAI-DVIC/gosai},
  note = {GitHub repository, accessed on October 17, 2024}
}

@article{Kaptelinin2006ActingWT,
  title={Acting with technology: Activity theory and interaction design},
  author={Victor Kaptelinin and Bonnie A. Nardi},
  journal={First Monday},
  year={2006},
  volume={12},
  url={https://api.semanticscholar.org/CorpusID:37366437}
}

@inproceedings{Nardi1995ContextAC,
  title={Context and consciousness: activity theory and human-computer interaction},
  author={Bonnie A. Nardi},
  year={1995},
  url={https://api.semanticscholar.org/CorpusID:142921795}
}

@article{andy1998extended,
  title={The extended mind},
  author={Andy, Clark and David, Chalmers},
  journal={Analysis},
  volume={58},
  number={1},
  pages={7--19},
  year={1998}
}

@article{chen2021evaluating,
  title={Evaluating large language models trained on code},
  author={Chen, Mark and Tworek, Jerry and Jun, Heewoo and Yuan, Qiming and Pinto, Henrique Ponde De Oliveira and Kaplan, Jared and Edwards, Harri and Burda, Yuri and Joseph, Nicholas and Brockman, Greg and others},
  journal={arXiv preprint arXiv:2107.03374},
  year={2021}
}

@article{dakhel2023github,
  title={Github copilot ai pair programmer: Asset or liability?},
  author={Dakhel, Arghavan Moradi and Majdinasab, Vahid and Nikanjam, Amin and Khomh, Foutse and Desmarais, Michel C and Jiang, Zhen Ming Jack},
  journal={Journal of Systems and Software},
  volume={203},
  pages={111734},
  year={2023},
  publisher={Elsevier}
}
